@article{hylland1979efficient,
  title={The efficient allocation of individuals to positions},
  author={Hylland, A. and Zeckhauser, R.},
  journal={The Journal of Political Economy},
  pages={293--314},
  year={1979},
  publisher={JSTOR}
}

@inproceedings{ali2007robust,
  title={Robust methodologies for modeling web click distributions},
  author={Ali, K. and Scarr, M.},
  booktitle={Proceedings of the 16th international conference on World Wide Web},
  pages={511--520},
  year={2007},
  organization={ACM}
}

@article{parker2005two,
  title={Two-sided network effects: A theory of information product design},
  author={Parker, G.G. and Van Alstyne, M.W.},
  journal={Management Science},
  pages={1494--1504},
  year={2005},
  publisher={JSTOR}
}


@article{armstrong2006competition,
  title={Competition in two-sided markets},
  author={Armstrong, M.},
  journal={The RAND Journal of Economics},
  volume={37},
  number={3},
  pages={668--691},
  year={2006},
  publisher={Wiley Online Library}
}


@article{rochet2006two,
  title={Two-sided markets: a progress report},
  author={Rochet, J.C. and Tirole, J.},
  journal={The RAND Journal of Economics},
  volume={37},
  number={3},
  pages={645--667},
  year={2006},
  publisher={Wiley Online Library}
}
roth2002economist
@article{roth2002economist,
  title={The economist as engineer: Game theory, experimentation, and computation as tools for design economics},
  author={Roth, A.E.},
  journal={Econometrica},
  volume={70},
  number={4},
  pages={1341--1378},
  year={2002},
  publisher={Wiley Online Library}
}

@article{rochet2003platform,
  title={Platform competition in two-sided markets},
  author={Rochet, J.C. and Tirole, J.},
  journal={Journal of the European Economic Association},
  volume={1},
  number={4},
  pages={990--1029},
  year={2003},
  publisher={Wiley Online Library}
}


@article{tervio2009superstars,
  title={Superstars and mediocrities: Market failure in the discovery of talent},
  author={Tervi{\"o}, M.},
  journal={The Review of Economic Studies},
  volume={76},
  number={2},
  pages={829--850},
  year={2009},
  publisher={Oxford University Press}
}



@article{resnick2006value,
  title={The value of reputation on eBay: A controlled experiment},
  author={Resnick, P. and Zeckhauser, R. and Swanson, J. and Lockwood, K.},
  journal={Experimental Economics},
  volume={9},
  number={2},
  pages={79--101},
  year={2006},
  publisher={Springer}
}

@article{dixit1978advertising,
  title={Advertising and welfare},
  author={Dixit, A. and Norman, V.},
  journal={The Bell Journal of Economics},
  pages={1--17},
  year={1978},
  publisher={JSTOR}
}

@techreport{pallais2010inefficient,
  title={Inefficient hiring in entry-level labor markets},
  author={Pallais, A.},
  year={2010},
  institution={V Working paper}
}

@article{becker1993simple,
  title={A simple theory of advertising as a good or bad},
  author={Becker, G.S. and Murphy, K.M.},
  journal={The Quarterly Journal of Economics},
  volume={108},
  number={4},
  pages={941},
  year={1993},
  publisher={Oxford University Press}
}

@article{bogomolnaia2001new,
  title={A new solution to the random assignment problem},
  author={Bogomolnaia, A. and Moulin, H.},
  journal={Journal of Economic Theory},
  volume={100},
  number={2},
  pages={295--328},
  year={2001},
  publisher={Elsevier}
}

@article{abdulkadiroglu1999house,
  title={House allocation with existing tenants},
  author={Abdulkadiroglu, A. and Sonmez, T.},
  journal={Journal of Economic Theory},
  volume={88},
  number={2},
  pages={233--260},
  year={1999},
  publisher={Elsevier}
}

@article{pápai2000strategyproof,
  title={Strategyproof assignment by hierarchical exchange},
  author={P{\'a}pai, S.},
  journal={Econometrica},
  volume={68},
  number={6},
  pages={1403--1433},
  year={2000},
  publisher={Wiley Online Library}
}

@article{abdulkadiroğlu1998random,
  title={Random serial dictatorship and the core from random endowments in house allocation problems},
  author={Abdulkadiro{\u{g}}lu, A. and S{\"o}nmez, T.},
  journal={Econometrica},
  volume={66},
  number={3},
  pages={689--701},
  year={1998},
  publisher={JSTOR}
}


@book{rawls1999theory,
  title={A theory of justice},
  author={Rawls, J.},
  year={1999},
  publisher={Belknap Press}
}

@inproceedings{chilton2010task,
  title={Task search in a human computation market},
  author={Chilton, L.B. and Horton, J.J. and Miller, R.C. and Azenkot, S.},
  booktitle={Proceedings of the ACM SIGKDD workshop on human computation},
  pages={1--9},
  year={2010},
  organization={ACM}
}


@article{leonard1983elicitation,
  title={Elicitation of honest preferences for the assignment of individuals to positions},
  author={Leonard, H.B.},
  journal={The Journal of Political Economy},
  pages={461--479},
  year={1983},
  publisher={JSTOR}
}

@article{balinski1999tale,
  title={A tale of two mechanisms: student placement},
  author={Balinski, M. and Sonmez, T.},
  journal={Journal of Economic Theory},
  volume={84},
  number={1},
  pages={73--94},
  year={1999},
  publisher={Elsevier}
}

@article{budish2009combinatorial,
  title={The combinatorial assignment problem: Approximate competitive equilibrium from equal incomes},
  author={Budish, E.},
  journal={Harvard University, Unpublished mimeo},
  year={2009}
}


@techreport{budish2009implementing,
  title={Implementing random assignments: A generalization of the birkhoff-von neumann theorem},
  author={Budish, E. and Che, Y.K. and Kojima, F. and Milgrom, P.},
  year={2009},
  institution={Technical report}
}

@article{zhou1990conjecture,
  title={On a conjecture by Gale about one-sided matching problems},
  author={Zhou, L.},
  journal={Journal of Economic Theory},
  volume={52},
  number={1},
  pages={123--135},
  year={1990},
  publisher={Elsevier}
}

@article{manea2009asymptotic,
  title={Asymptotic ordinal inefficiency of random serial dictatorship},
  author={Manea, M.},
  journal={Theoretical Economics},
  volume={4},
  number={2},
  pages={165--197},
  year={2009}
}

@article{kojima2010incentives,
  title={Incentives in the probabilistic serial mechanism},
  author={Kojima, F. and Manea, M.},
  journal={Journal of Economic Theory},
  volume={145},
  number={1},
  pages={106--123},
  year={2010},
  publisher={Elsevier}
}


@article{manea2008random,
  title={Random serial dictatorship and ordinally efficient contracts},
  author={Manea, M.},
  journal={International Journal of Game Theory},
  volume={36},
  number={3},
  pages={489--496},
  year={2008},
  publisher={Springer}
}

@article{che2010asymptotic,
  title={Asymptotic equivalence of probabilistic serial and random priority mechanisms},
  author={Che, Y.K. and Kojima, F.},
  journal={Econometrica},
  volume={78},
  number={5},
  pages={1625--1672},
  year={2010},
  publisher={Wiley Online Library}
}

@article{sönmez2009matching,
  title={Matching, allocation, and exchange of discrete resources},
  author={S{\"o}nmez, T. and Unver, M.U.},
  journal={Forthcoming in Handbook of Social Economics},
  year={2009}
}

@article{manea2007serial,
  title={Serial dictatorship and Pareto optimality},
  author={Manea, M.},
  journal={Games and Economic Behavior},
  volume={61},
  number={2},
  pages={316--330},
  year={2007},
  publisher={Elsevier}
}

@MISC {MO84896,    
    TITLE = {Equitable Allocation of Individuals to Positions },    
    AUTHOR = {Benjamin Young\phantom{x}(mathoverflow.net/users/20281)},    
    HOWPUBLISHED = {MathOverflow},    
    NOTE = {\url{http://mathoverflow.net/questions/84896} (version: 2012-01-04)},    
    EPRINT = {http://mathoverflow.net/questions/84896},    
    URL = {http://mathoverflow.net/questions/84896},    
}

@article{varian2007position,
  title={Position auctions},
  author={Varian, H.R.},
  journal={International Journal of Industrial Organization},
  volume={25},
  number={6},
  pages={1163--1178},
  year={2007},
  publisher={Elsevier}
}

@techreport{edelman2005internet,
  title={Internet advertising and the generalized second price auction: Selling billions of dollars worth of keywords},
  author={Edelman, B. and Ostrovsky, M. and Schwarz, M.},
  year={2005},
  institution={National Bureau of Economic Research}
}

@article{page1999pagerank,
  title={The PageRank citation ranking: Bringing order to the web.},
  author={Page, L. and Brin, S. and Motwani, R. and Winograd, T.},
  year={1999},
  publisher={Stanford InfoLab}
}


@article{marcus,
     title = {Some Properties and Applications of Doubly Stochastic Matrices},
     author = {Marcus, Marvin},
     journal = {The American Mathematical Monthly},
     volume = {67},
     number = {3},
     pages = {pp. 215-221},
     year = {1960},
     publisher = {Mathematical Association of America},
}

@book{burkard2009assignment,
   title={Assignment problems},
   author={Burkard, R.E. and Dell'Amico, M. and Martello, S.},
   isbn={9780898716634},
   lccn={2008032587},
   year={2009},
   publisher={SIAM, Society for Industrial and Applied Mathematics}
}
